<?xml version="1.0" encoding="utf-8"?>
<record xmlns="http://www.loc.gov/MARC21/slim" xmlns:xsi="http://www.w3.org/2001/XMLSchema-instance" xsi:schemaLocation="http://www.loc.gov/MARC21/slim http://www.loc.gov/standards/marcxml/schema/MARC21slim.xsd">
	<leader>     nam a22     Mi 4500</leader>
	<controlfield tag="001">2758815</controlfield>
	<controlfield tag="003">NjP</controlfield>
	<controlfield tag="006">m        d        </controlfield>
	<controlfield tag="007">cr cn |||m|||a</controlfield>
	<controlfield tag="008">201005s1933    ua      o     000 0barar </controlfield>
	<datafield ind1=" " ind2=" " tag="040">
		<subfield code="a">ZYU</subfield>
		<subfield code="b">ara</subfield>
		<subfield code="e">rda</subfield>
		<subfield code="c">ZYU</subfield>
	</datafield>
	<datafield ind1=" " ind2="4" tag="050">
		<subfield code="a">BP80.A9</subfield>
		<subfield code="b">M3 1933</subfield>
	</datafield>
	<datafield ind1=" " ind2="4" tag="050">
		<subfield code="a">BP80.A93</subfield>
		<subfield code="b">M35 1933</subfield>
	</datafield>
	<datafield ind1="0" ind2="0" tag="245">
		<subfield code="6">880-01</subfield>
		<subfield code="a">Maḥāsin al-masāʻī fī manāqib al-Imām Abī ʻAmr al-Awzāʻī raḍya Allāh ʻanhu :</subfield>
		<subfield code="b">ʻan nuskhah makhṭūṭah wujidat fī Maktabat Birlīn al-Mulūkīyah /</subfield>
		<subfield code="c">bi-qalam al-shaykh Zayn al-Dīn ibn Taqī al-Dīn ibn ʻAbd al-Raḥmān al-Khaṭīb ghafara Allāh lahu. Nashara hādhā al-kitāb baʻda tanqīḥahu bi-qalamihi wa-taʻlīq ḥawāshīh wa-taṣdīruhu bi-muqaddimah ʻan al-Imām al-Awzāʻī wa-bi-tarājim al-ʻulamāʼ lahu ʻaṭūfat al-ustādh al-ʻallāmah al-kabīr al-amīr Shakīb Arslān aḥad aʻḍāʼ al-Majamaʻ al-ʻIlmī al-ʻArabī ʻafā Allāh ʻanhu.</subfield>
	</datafield>
	<datafield ind1=" " ind2="1" tag="264">
		<subfield code="6">880-02</subfield>
		<subfield code="a">Miṣr :</subfield>
		<subfield code="b">al-Amīr Shakīb Arslān,</subfield>
		<subfield code="c">[tārīkh al-muqaddimah 1352 H, [1933 M]]</subfield>
	</datafield>
	<datafield ind1=" " ind2="3" tag="264">
		<subfield code="6">880-03</subfield>
		<subfield code="a">Miṣr :</subfield>
		<subfield code="b">ṭubiʻa bi-Maṭbaʻat ʻĪsá al-Bābī al-Ḥalabī wa-shurakāh bi-Miṣr.</subfield>
	</datafield>
	<datafield ind1=" " ind2=" " tag="300">
		<subfield code="a">online resource (166 pages)</subfield>
	</datafield>
	<datafield ind1=" " ind2=" " tag="336">
		<subfield code="a">text</subfield>
		<subfield code="2">rdacontent</subfield>
	</datafield>
	<datafield ind1=" " ind2=" " tag="337">
		<subfield code="a">computer</subfield>
		<subfield code="2">rdamedia</subfield>
	</datafield>
	<datafield ind1=" " ind2=" " tag="338">
		<subfield code="a">online resource</subfield>
		<subfield code="2">rdacarrier</subfield>
	</datafield>
	<datafield ind1=" " ind2=" " tag="500">
		<subfield code="a">&quot;Ḥuqūq al-Ṭabʻ maḥfūẓah lil-nāshir.&quot;</subfield>
	</datafield>
	<datafield ind1=" " ind2=" " tag="500">
		<subfield code="a">Part of the Arabic Collections Online (ACO) project, contributed by Princeton University Libraries.</subfield>
	</datafield>
	<datafield ind1=" " ind2=" " tag="520">
		<subfield code="a">An anonymous biography of the jurist Abū ʿAmr ʿAbd al-Raḥmān ibn ʿAmr al-Auzāʿī (d. 157 A.H.). Edited from the Berlin Ms. (Ahlwardt 10120), with an introduction and notes, by Shakīb Arslān.</subfield>
	</datafield>
	<datafield ind1=" " ind2=" " tag="533">
		<subfield code="a">Electronic reproduction.</subfield>
		<subfield code="b">New York, N.Y. :</subfield>
		<subfield code="c">New York University,</subfield>
		<subfield code="d">2020.</subfield>
		<subfield code="5">NNU</subfield>
	</datafield>
	<datafield ind1="1" ind2="0" tag="600">
		<subfield code="6">880-04</subfield>
		<subfield code="a">Awzāʻī, ʻAbd al-Raḥmān ibn ʻAmr,</subfield>
		<subfield code="d">706 or 707-774.</subfield>
	</datafield>
	<datafield ind1="1" ind2=" " tag="700">
		<subfield code="6">880-05</subfield>
		<subfield code="a">Arslān, Shakīb,</subfield>
		<subfield code="c">Amīr,</subfield>
		<subfield code="d">1869-1946,</subfield>
		<subfield code="e">editor.</subfield>
	</datafield>
	<datafield ind1="2" ind2=" " tag="710">
		<subfield code="a">Princeton University.</subfield>
		<subfield code="b">Library.</subfield>
	</datafield>
	<datafield ind1="0" ind2=" " tag="730">
		<subfield code="a">Arabic Collections Online.</subfield>
	</datafield>
	<datafield ind1="0" ind2="8" tag="776">
		<subfield code="i">Online version:</subfield>
		<subfield code="t">Maḥāsin al-masāʻī fī manāqib al-Imām Abī ʻAmr al-Awzāʻī.</subfield>
		<subfield code="d">Miṣr, Maṭbaʻat ʻĪsá al-Bābī al-Ḥalabī [tārīkh al-muqaddimah 1352 1933]</subfield>
		<subfield code="w">(OCoLC)610240448</subfield>
	</datafield>
	<datafield ind1="0" ind2="8" tag="776">
		<subfield code="i">Print version:</subfield>
		<subfield code="t">Maḥāsin al-masāʻī fī manāqib al-Imām Abī ʻAmr al-Awzāʻī raḍya Allāh ʻanhu</subfield>
		<subfield code="w">(NjP)2758815</subfield>
		<subfield code="w">(DLC)   61020364 </subfield>
		<subfield code="w">(OCoLC)22103289</subfield>
	</datafield>
	<datafield ind1="4" ind2="0" tag="856">
		<subfield code="u">http://hdl.handle.net/2333.1/mcvdnphn</subfield>
	</datafield>
	<datafield ind1="4" ind2="0" tag="856">
		<subfield code="u">http://hdl.handle.net/2333.1/mcvdnphn</subfield>
	</datafield>
	<datafield ind1="0" ind2="0" tag="880">
		<subfield code="6">245-01</subfield>
		<subfield code="a">محاسن المساعي في مناقب الإمام أبي عمرو الأوزاعي رضي الله عنه :</subfield>
		<subfield code="b">عن نسخة مخطوطة وجدت في مكتبة برلين الملوكية /</subfield>
		<subfield code="c">بقلم الشيخ زين الدين بن تقي الدين بن عبد الرحمن الخطيب غفر الله له. نشر هذه الكتاب بعد تنقيحه بقلمه وتعليق حواشيه وتصديره بمقدمة عن الإمام الأوزاعي وبتراجم العلماء له عطوفة الأستاذ العلامة الكبير الأمير شكيب أرسلان أحد أعضاء المجمع العلمي العربي عفا الله عنه.</subfield>
	</datafield>
	<datafield ind1=" " ind2="1" tag="880">
		<subfield code="6">264-02</subfield>
		<subfield code="a">مصر :</subfield>
		<subfield code="b">الأمير شكيب أرسلان،</subfield>
		<subfield code="c">[تاريخ المقدمة 1352 ه، [1933 م]]</subfield>
	</datafield>
	<datafield ind1=" " ind2="3" tag="880">
		<subfield code="6">264-03</subfield>
		<subfield code="a">مصر :</subfield>
		<subfield code="b">طبع بمطبعة عيسى البابي الحلبي وشركاه بمصر.</subfield>
	</datafield>
	<datafield ind1="1" ind2="0" tag="880">
		<subfield code="6">600-04</subfield>
		<subfield code="a">أوزاعي، عبد الرحمن بن عمرو،</subfield>
		<subfield code="d">706 أو 707-774.</subfield>
	</datafield>
	<datafield ind1="1" ind2=" " tag="880">
		<subfield code="6">700-05</subfield>
		<subfield code="a">أرسلان، شكيب،</subfield>
		<subfield code="c">أمير،</subfield>
		<subfield code="d">1869-1946،</subfield>
		<subfield code="e">editor.</subfield>
	</datafield>
	<datafield ind1=" " ind2=" " tag="959">
		<subfield code="a">NNU</subfield>
		<subfield code="b">WEB</subfield>
		<subfield code="c">GENI</subfield>
		<subfield code="t">0</subfield>
		<subfield code="m">Electronic access</subfield>
		<subfield code="s">01</subfield>
	</datafield>
	<datafield ind1=" " ind2=" " tag="959">
		<subfield code="a">NNU</subfield>
		<subfield code="b">WEB</subfield>
		<subfield code="c">GENI</subfield>
		<subfield code="t">0</subfield>
		<subfield code="m">Electronic access</subfield>
		<subfield code="s">01</subfield>
	</datafield>
	<datafield ind1=" " ind2=" " tag="999">
		<subfield code="i">NjP_2758815</subfield>
		<subfield code="o">(OCoLC)ocm22103289</subfield>
		<subfield code="s">princeton_aco002720</subfield>
		<subfield code="s">princeton_aco002720</subfield>
	</datafield>
</record>
